@ARTICLE{caselleKAP,
    AUTHOR       = {Caselle, M. and {Ardila Perez}, L.E. and Balzer, M. and Kopmann, A. and Rota, L. and Weber, M. and Brosi, M. and Steinmann, J. and Bründermann, E. and Müller, A.-S.},
    YEAR         = {2017},
    TITLE        = {KAPTURE-2. A picosecond sampling system for individual THz pulses with high repetition rate},
    VOLUME       = {12},
    JOURNAL      = {Journal of Instrumentation},
    DOI          = {10.1088/1748-0221/12/01/C01040},
    PUBLISHER    = {{IOP Publishing}}
}
